@online{economist,
  author = {Economist},
  title = {Data, data everywhere},
  url = {http://www.economist.com/node/15557443},
  urldate = {2016-02-16}
}

@Article{nature,
author = {Felice, Frankel and Reid Rosalind},
title = {Big data: Distilling meaning from data},
journal = {Nature},
year = {2008},
OPTvolume = {455},
OPTpages = {30-34},
}


@online{varian,
  author = {Davenport, Thomas H. and Patil, D.J.},
  title = {Data Scientist: The Sexiest Job of the 21st Century},
  url = {https://hbr.org/2012/10/data-scientist-the-sexiest-job-of-the-21st-century/},
  urldate = {2015-12-29}
}

@online{3v,
  author = {Laney, Doug},
  title = {Application Delivery Strategies},
  url = {http://blogs.gartner.com/doug-laney/files/2012/01/ad949-3D-Data-Management-Controlling-Data-Volume-Velocity-and-Variety.pdf},
  urldate = {2015-12-15}
}

@online{7v,
  author = {Rijmenam, Mark van},
  title = {Why The 3V’s Are Not Sufficient To Describe Big Data},
  url = {https://datafloq.com/read/3vs-sufficient-describe-big-data/166},
  urldate = {2015-12-22}
}

@online{log,
  author = {Kobielus, James},
  title = {Big data log analysis thrives on machine learning},
  url = {http://www.infoworld.com/article/2608064/big-data/big-data-log-analysis-thrives-on-machine-learning.html},
  urldate = {2015-12-15}
}

@online{brk,
  author = {Jackson, William},
  title = {Big Data Disease Breakthroughs},
  url = {http://www.informationweek.com/government/big-data-analytics/big-data-disease-breakthroughs/d/d-id/1316310},
  urldate = {2015-12-15}
}

@online{2020,
  author = {Anonymous},
  title = {The Digital Universe of Opportunities: Rich Data and the Increasing Value of the Internet of Things},
  url = {http://www.emc.com/leadership/digital-universe/2014iview/executive-summary.htm},
  urldate = {2015-12-15}
}

@online{sas,
  author = {Dull, Tamara},
  title = {Big data and the Internet of Things: Two sides of the same coin?},
  url = {http://www.sas.com/en_us/insights/articles/big-data/big-data-and-iot-two-sides-of-the-same-coin.html},
  urldate = {2015-12-15}
}

@online{rta,
  author = {Anonymous},
  title = {Real-time business intelligence},
  url = {https://en.wikipedia.org/wiki/Real-time_business_intelligence},
  urldate = {2015-12-15}
}


@InBook{nathan,
ALTauthor = {Marz, Nathan and Warren, James},
title = {Big Data Principles},
chapter = {Using the Hadoop Distributed File System},
OPTpages = {66},
year = {2015},
}


@online{hadoop,
  author = {Anonymous},
  title = {What Is Apache Hadoop?},
  url = {https://hadoop.apache.org/},
  urldate = {2016-01-04}
}

@online{fraud,
  author = {Sensmeier, Lisa},
  title = {How Big Data is Revolutionizing Fraud Detection in Financial Services},
  url = {http://hortonworks.com/blog/how-big-data-is-revolutionizing-fraud-detection-in-financial-services/},
  urldate = {2015-12-15}
}

@article{cap,
 author = {Gilbert, Seth and Lynch, Nancy},
 title = {Brewer's Conjecture and the Feasibility of Consistent, Available, Partition-tolerant Web Services},
 journal = {SIGACT News},
 issue_date = {June 2002},
 volume = {33},
 number = {2},
 month = jun,
 year = {2002},
 issn = {0163-5700},
 pages = {51--59},
 numpages = {9},
 url = {http://doi.acm.org/10.1145/564585.564601},
 doi = {10.1145/564585.564601},
 acmid = {564601},
 publisher = {ACM},
 address = {New York, NY, USA},
}

@article{ecap,
  author = {Brewer, Eric},
  title = {CAP Twelve Years Later: How the "Rules" Have Changed},
  url = {http://www.infoq.com/articles/cap-twelve-years-later-how-the-rules-have-changed},
  urldate = {2015-12-30}
}

@online{flinkartisans,
  author = {Ewen, Stephan and Tzoumas, Kostas},
  title = {How Apache Flink enables new streaming applications},
  url = {http://data-artisans.com/how-apache-flink-enables-new-streaming-applications-part-1/},
  urldate = {2015-12-30},
  year = {2015}
}

@report{gfs,
  author = {Ghemawat, Sanjay and Gobioff, Howard and Leung, Shun-Tak},
  title = {The Google File System},
  institution = {Google},
  year = {2003}
}

@report{cocke,
  author = {Cocke, J. and Slotnick, D.S.},
  title = {THE USE OF PARALLELISM IN NUMERICAL CALCULATIONS},
  institution = {IBM RESEARCH CENTER},
  year = {1958}}

@online{asf,
  author = {Anonymous},
  title = {Projects by language:},
  url = {https://projects.apache.org/projects.html?language/},
  urldate = {2016-01-05}
}

@online{tiobe,
  author = {Anonymous},
  title = {TIOBE Index for April 2016},
  url = {http://www.tiobe.com/index.php/content/paperinfo/tpci/index.html},
  urldate = {2016-04-25}
}

@online{odersky,
  author = {Odersky, Martin},
  title = {A Scalable language},
  url = {http://www.scala-lang.org/what-is-scala.html},
  urldate = {2016-01-05}
}

@online{toptal,
  author = {Hicks, Matt},
  title = {Why Should I Learn Scala?},
  url = {http://www.toptal.com/scala/why-should-i-learn-scala},
  urldate = {2016-01-05}
}

@online{akka,
  author = {Anonymous},
  title = {Message Delivery Reliability},
  url = {http://doc.akka.io/docs/akka/2.3.7/general/message-delivery-reliability.html},
  urldate = {2016-01-06}
}

@online{szemantika,
  author = {Shenoy, Prashant},
  title = {Failure Semantics},
  url = {http://lass.cs.umass.edu/~shenoy/courses/spring13/lectures/Lec07.pdf},
  urldate = {2016-01-06}
}

@Article{stoch1951,
author = {Robbins, Herbert and Monro, Sutton},
title = {A Stochastic Approximation Method},
journal = {The Annals of Mathematical Statistics},
year = {1951},
OPTpages = {400-407}
}

@online{gatsby,
  author = {Le Roux, Nicolas},
  title = {Using Gradient Descent for Optimization and Learning},
  url = {http://www.gatsby.ucl.ac.uk/teaching/courses/ml2-2008/graddescent.pdf},
  year = {2009},
  urldate = {2016-01-06}
}

@Article{bottou,
author = {Bottou, Léon},
title = {Large-Scale Machine Learning with Stochastic Gradient Descent},
year = {2010}
}


@Article{skew,
author = {Akidau, Tyler and Bradshaw, Robert and Chambers, Craig and Chernyak, Slava and Fernandez-Moctezuma, Rafael J. and Lax, Reuven and McVeety, Sam and Mills, Daniel and Perry, Frances and Schmidt, Eric and Whittle, Sam},
title = {The Dataflow Model: A Practical Approach to Balancing Correctness, Latency, and Cost in Massive-Scale, Unbounded, Out-of-Order Data Processing},
url = {http://www.vldb.org/pvldb/vol8/p1792-Akidau.pdf},
year = {2015}
}

@online{learningrate,
  author = {Raschka, Sebastian},
  title = {How Machine Learning Algorithms Work Part 1},
  url = {http://sebastianraschka.com/Articles/2015_singlelayer_neurons.html},
  year = {2015},
  urldate = {2016-01-08}
}

@online{alfa,
  author = {Recht, Benjamin and Wright, Stephen},
  title = {Optimization},
  url = {https://simons.berkeley.edu/sites/default/files/docs/522/rechtslides.pdf},
  year = {2013},
  urldate = {2016-01-08}
}

@online{spark,
  author = {Anonymous},
  title = {Spark Lightning-fast cluster computing},
  url = {http://spark.apache.org},
  urldate = {2016-01-08}
}

@online{storm,
  author = {Anonymous},
  title = {Storm},
  url = {http://storm.apache.org},
  urldate = {2016-01-08}
}

@online{infosphere,
  author = {Anonymous},
  title = {IBM InfoSphere Streams},
  url = {http://www-03.ibm.com/software/products/en/ibm-streams},
  urldate = {2016-01-08}
}


@online{ingestion,
  author = {Ewen, Stephan},
  title = {Rework windowing logic},
  url = {https://issues.apache.org/jira/browse/FLINK-2674},
  urldate = {2016-01-08}
}

@online{flink,
  author = {Anonymous},
  title = {Apache Flink},
  url = {http://flink.apache.org},
  urldate = {2016-01-08}
}


@online{iot,
  author = {Rijmenam, Mark van},
  title = {Real-Time Analytics and the Internet of Things are a Perfect Match},
  url = {https://datafloq.com/read/real-time-analytics-internet-of-things/943},
  urldate = {2015-12-15}
}

@online{ganalitycs,
  author = {Anonymous},
  title = {Monitor activity as it happens on your site or app},
  url = {https://support.google.com/analytics/answer/1638635?hl=en},
  urldate = {2015-12-15}
}

@online{ucl,
  author = {Emmerich, Wolfgang},
  title = {Distributed System Principles},
  url = {http://www0.cs.ucl.ac.uk/staff/ucacwxe/lectures/ds98-99/dsee3.pdf},
  urldate = {2015-12-15}
}

@online{flinkintro,
  author = {Anonymous},
  title = {Streaming},
  url = {http://flink.apache.org/features.html},
  urldate = {2015-12-15}
}

@online{ml,
   author = {Anonymous},
  title = {Machine Learning: What it is and why it matters},
  url = {http://www.sas.com/en_us/insights/analytics/machine-learning.html},
  urldate = {2015-12-16}
}

@Article{sgd,
author = {Léon Bottou},
title = {Stochastic Gradient Descent Tricks},
url = {http://research.microsoft.com/pubs/192769/tricks-2012.pdf},
year = {2012}
}

@online{mckinsey,
  author = {Manyika, James},
  title = {Big data: The next frontier for innovation, competition, and productivity},
  url = {http://www.mckinsey.com/insights/business_technology/big_data_the_next_frontier_for_innovation},
  urldate = {2015-12-16}
}

@online{watson,
   author = {Anonymous},
  title = {Watson – A System Designed for Answers},
  url = {http://www-03.ibm.com/innovation/us/engines/assets/9442_Watson_A_System_White_Paper_POW03061-USEN-00_Final_Feb10_11.pdf},
  urldate = {2015-12-16}
}

@Book{overfit,
ALTauthor = {Leskovec, Jure and Rajaraman, Anand and Ullman, Jeffrey David},
title = {Mining of Massive Datasets},
year = {2014},
}

@Article{chandy,
author = {Chandy, K. Mani and Lamport, Leslie},
title = {Distributed Snapshots: Determining Global States of Distributed Systems},
url = {http://research.microsoft.com/en-us/um/people/lamport/pubs/chandy.pdf},
year = {1985}
}

@Article{balazinska,
author = {Balazinska, Magdalena and Hwang, Jeong-Hyon and Shah, Mehul A.},
title = {Fault-tolerance and high availability in data stream management systems},
url = {https://homes.cs.washington.edu/~magda/encyclopedia-short.pdf},
year = {2009}
}

@Article{koren,
author = {Hu, Yifan and Koren, Yehuda and Volinsky, Chris},
title = {Collaborative Filtering for Implicit Feedback Datasets},
url = {http://yifanhu.net/PUB/cf.pdf},
year = {2008}
}

@Article{vikas,
author = {Melville, Prem and Sindhwani, Vikas},
title = {Recommender Systems},
url = {http://vikas.sindhwani.org/recommender.pdf},
year = {2008}
}

@inproceedings{mldebt,
title = {Machine Learning: The High Interest Credit Card of Technical Debt},
author  = {Sculley, D. and Holt, Gary and Golovin, Daniel and Davydov, Eugene and Phillips, Todd and Ebner, Dietmar and Chaudhary, Vinay and Young,  Michael},
year  = {2014},
booktitle = {SE4ML: Software Engineering for Machine Learning (NIPS 2014 Workshop)}
}

@online{mllib,
  author = {Anonymous},
  title = {Machine Learning Library (MLlib) Guide},
  url = {http://spark.apache.org/docs/latest/mllib-guide.html},
  urldate = {2015-01-27}
}

@online{scikit,
    author = {Anonymous},
  title = {Machine Learning in Python},
  url = {http://scikit-learn.org/stable/},
  urldate = {2015-01-27}
}

@article{sciapi,
  author    = {Buitinck, Lars and
               Louppe, Gilles and
               Blondel, Mathieu and
               Pedregosa, Fabian and
               Mueller, Andreas and
               Grisel, Olivier and
               Niculae, Vlad and
               Prettenhofer, Peter and
               Gramfort, Alexandre and
               Grobler, Jaques and
               Layton, Robert and
               VanderPlas, Jake and
               Joly, Arnaud and
               Holt, Brian and
               Varoquaux, Gaél},
  title     = {API design for machine learning software: experiences from the scikit-learn project},
  journal   = {CoRR},
  volume    = {abs/1309.0238},
  year      = {2013},
  url       = {http://arxiv.org/abs/1309.0238},
  biburl    = {http://dblp.uni-trier.de/rec/bib/journals/corr/BuitinckLBPMGNPGGLVJHV13},
  }

@article{korenmf,
    author = {Koren, Yehuda and Bell, Robert and Volinsky, Chris},
    title = {MATRIX FACTORIZATION TECHNIQUES FOR RECOMMENDER SYSTEMS},
    year = {2009}
}

@online{mf_databricks,
    author = {Anonymous},
  title = {Movie Recommendation with MLlib},
  url = {https://databricks-training.s3.amazonaws.com/movie-recommendation-with-mllib.html},
  urldate = {2015-01-28}
}

@online{unsupervised,
  title = {Unsupervised Learning},
  author = {Ghahramani, Zoubin},
  url = {http://mlg.eng.cam.ac.uk/zoubin/papers/ul.pdf},
  urldate = {2015-12-16}
}

@online{knearest,
    author = {Anonymous},
  title = {k-legközelebbi szomszéd modell},
  url = {https://mialmanach.mit.bme.hu/fogalomtar/k-legkozelebbi_szomszed_modell},
  urldate = {2015-12-22}
}

@online{longtail,
    author = {Anonymous},
  title = {Rethinking the Long Tail Theory: How to Define Hits and Niches},
  url = {http://knowledge.wharton.upenn.edu/article/rethinking-the-long-tail-theory-how-to-define-hits-and-niches/},
  urldate = {2015-12-16}
}

@online{imdb,
    author = {Anonymous},
  title = {IMDb Votes/Ratings Top Frequently Asked Questions},
  url = {http://www.imdb.com/help/show_leaf?votestopfaq},
  urldate = {2015-12-16}
}


@Article{introspection,
author = {Pronin, Emily and Kugler, Matthew B.},
title = {Valuing thoughts, ignoring behavior: The introspection illusion as a source of the bias blind spot},
journal = {Journal of Experimental Social Psychology},
institution = {Princeton University},
year = {2006},
}

@online{batch,
    author = {Anonymous},
  title = {Mainframes working after hours: Batch processing},
  url = {http://www-01.ibm.com/support/knowledgecenter/#!/zosbasics/com.ibm.zos.zmainframe/zconc_batchproc.htm},
  urldate = {2015-12-16}
}

@online{lambda,
  author = {Hausenblas, Michael and Bijnens, Nathan},
  title = {Lambda Architecture},
  url = {http://lambda-architecture.net},
  urldate = {2015-12-16}
}

@inproceedings{mapreduce,
 author = {Dean, Jeffrey and Ghemawat, Sanjay},
 title = {MapReduce: Simplified Data Processing on Large Clusters},
 booktitle = {Proceedings of the 6th Conference on Symposium on Opearting Systems Design \& Implementation - Volume 6},
 series = {OSDI'04},
 year = {2004},
 pages = {10--10},
 url = {http://dl.acm.org/citation.cfm?id=1251254.1251264},
 publisher = {USENIX Association}
} 

@online{tyler,
  author = {Akidau, Tyler},
  title = {The world beyond batch: Streaming 101},
  url = {http://radar.oreilly.com/2015/08/the-world-beyond-batch-streaming-101.html},
  urldate = {2015-12-17}
}

@online{summingbird,
    author = {Twitter},
  title = {Streaming MapReduce with Scalding and Storm},
  url = {https://github.com/twitter/summingbird},
  urldate = {2015-12-17}
}

@online{microbatch,
  author = {Damji, Jules S.},
  title = {Apache Storm Design Pattern—Micro Batching},
  url = {http://hortonworks.com/blog/apache-storm-design-pattern-micro-batching/},
  urldate = {2015-12-17}
}

@online{topn,
  author = {Ghosh, Pranab},
  title = {Realtime Trending Analysis with Approximate Algorithms},
  url = {https://pkghosh.wordpress.com/2014/09/10/realtime-trending-analysis-with-approximate-algorithms/},
  urldate = {2015-12-17}
}

@online{andrewml,
  autohr = {Ng, Andrew},
  title = {CS229 Lecture notes},
  url = {http://cs229.stanford.edu/notes/cs229-notes1.pdf},
  urldate = {2015-12-21}
}

@online{hapreduce,
  author = {KS, Bejoy}, 
  title = {Word Count - Hadoop Map Reduce Example},
  url = {http://kickstarthadoop.blogspot.hu/2011/04/word-count-hadoop-map-reduce-example.html},
  urldate = {2015-12-21}
}

@online{lambdaarch,
    author = {Anonymous},
  title = {Lambda architecture},
  url = {https://en.wikipedia.org/wiki/Lambda_architecture},
  urldate = {2015-02-16}
}

@inproceedings{millwheel,
title = {MillWheel: Fault-Tolerant Stream Processing at Internet Scale},
author  = { Akidau, Tyler and  Balikov, Alex and Bekiroglu, Kaya and Chernyak, Slava and Haberman, Josh and Lax, Reuven and McVeety, Sam and Mills, Daniel and Nordstrom, Paul and Whittle, Sam},
year  = 2013,
booktitle = {Very Large Data Bases},
pages = {734--746}
}

@online{datastreamapi,
    author = {Anonymous},
  title = {Flink DataStream API Programming Guide},
  url = {https://ci.apache.org/projects/flink/flink-docs-master/apis/streaming/index.html#task-chaining-and-resource-groups},
  urldate = {2015-04-26}
}

@online{kafka,
  author = {Metzger, Robert and Tzoumas, Kostas},
  title = {Kafka + Flink: A practical, how-to guide},
  url = {http://data-artisans.com/kafka-flink-a-practical-how-to/},
  urldate = {2015-04-26}
}

@online{streamprocessing,
    author = {Anonymous},
  title = {Flink Stream Processing API},
  url = {https://ci.apache.org/projects/flink/flink-docs-release-0.8/streaming_guide.html},
  urldate = {2015-04-26}
}

@Article{svrg,
author = {Johnson, Rie and Zhang, Tong},
title = {Accelerating Stochastic Gradient Descent using Predictive Variance Reduction},
url = {http://papers.nips.cc/paper/4937-accelerating-stochastic-gradient-descent-using-predictive-variance-reduction.pdf},
year = {2013},
}

@Article{alsgd,
author = {Aberger R., Christopher},
title = {Recommender: An Analysis of Collaborative Filtering Techniques},
url = {http://cs229.stanford.edu/proj2014/Christopher%20Aberger,%20Recommender.pdf},
year = {2014},
}


